=LDR  01838 mi a2200541 i 4500
=001  016480437
=003  Uk
=005  20140822072758.0
=006  s||\d|||||||0\\\a2
=007  cr\|||||||||||
=008  130823c20uu9999xxu\\\\\o\\j\\\\\\\\eng\\
=FMT  \\$a  CF
=024  7\$astm20130619g$2local
=040  \\$aUk$beng$cUk$erda
=042  \\$aukblsr
=082  04$a579.563072$223
=245  00$aSaccharomyces Genome Database.
=246  3\$aSGD
=264  \1$aStanford :$bStanford University
=300  \\$a1 online resource
=336  \\$acomputer dataset$2rdacontent
=336  \\$atext$2rdacontent
=337  \\$acomputer$2rdamedia
=338  \\$aonline resource$2rdacarrier
=506  \\$aData are free to access.
=520  3\$aProvides sequence, ontology and functional data on the S. cerevisiae genome. Data can be queried with BLAST searches or by gene name.
=540  \\$aNot stated.
=584  \\$aAccepting data submissions: No.
=588  \\$aDescription based on contents viewed on August 22, 2014; title from Web page.
=650  \0$aSaccharomyces cerevisiae$xGenetics$vDatabases.
=650  \0$aSaccharomyces cerevisiae$vDatabases.
=653  \\$aFungi
=653  \\$aGenetic Variation
=653  \\$aModels, Theoretical
=653  2\$aModel Organisms
=655  \7$aDataset.$2local
=655  \7$aExperimental data.$2local
=655  \7$aReference data.$2local
=690  7\$aResearch Datasets Collection$2blcoll
=710  2\$aStanford University.$bDepartment of Genetics.
=856  40$uhttp://www.yeastgenome.org
=859  \\$aXLD$bdatasets
=CAT  \\$aRESDATASET$b00$c20130823$lBLL01$h1203
=CAT  \\$a7332$b40$c20140822$lBLL01$h0727
=CAT  \\$aW1606-1753$c20171028$lBLL01$h1352
=FIN  \\$aY$d20140822
=SRC  \\$aBLDatasets$bdatasets20130822.xml
=LAS  \\$aW1606-1753$b00$c20171028$lBLL01$h1352

