=LDR  01986 mi a2200517 i 4500
=001  016480489
=003  Uk
=005  20140812112904.0
=006  s||\d|||||||0\\\a2
=007  cr\|||||||||||
=008  130823c19949999xxu\\\\\o\\j\\\\\\\\eng\\
=FMT  \\$a  CF
=024  7\$astm20130812i$2local
=040  \\$aUk$beng$cUk$erda
=042  \\$aukblsr
=082  04$a597.482$223
=245  00$aZebrafish Model Organism Database.
=246  3\$aZFIN
=264  \1$aEugene :$bUniversity of Oregon,$c1994-
=300  \\$a1 online resource
=336  \\$acomputer dataset$2rdacontent
=336  \\$atext$2rdacontent
=337  \\$acomputer$2rdamedia
=338  \\$aonline resource$2rdacarrier
=506  \\$aData are free to access.
=520  3\$aGenetic, genomic and developmental data about the zebrafish (Danio rerio). It covers gene sequence, expression and annotation, mutant strains and anatomy. Data can be bulk downloaded by data type.
=540  \\$aZFIN retains all rights, title, and interest in and to the Software and Data. Any reproduction or use for a commercial purpose is prohibited without the prior express written permission of ZFIN.
=584  \\$aAccepting data submissions: Yes.
=588  \\$aDescription based on version 7 viewed on August 12, 2014; title from database home page.
=650  \0$aZebra danio$xGenetics.
=653  \\$aModels, Animal
=653  2\$aModel Organisms
=655  \7$aDataset.$2local
=655  \7$aReference data.$2local
=655  \7$aExperimental data.$2local
=690  7\$aResearch Datasets Collection$2blcoll
=710  2\$aUniversity of Oregon.
=856  40$uhttp://zfin.org/
=859  \\$aXLD$bdatasets
=CAT  \\$aRESDATASET$b00$c20130823$lBLL01$h1203
=CAT  \\$a7332$b40$c20140812$lBLL01$h1129
=CAT  \\$aBATCH-UPD$b40$c20160709$lBLL01$h1726
=CAT  \\$aW1606-1753$c20171028$lBLL01$h1352
=FIN  \\$aY$d20140812
=SRC  \\$aBLDatasets$bdatasets20130822.xml
=LAS  \\$aW1606-1753$b00$c20171028$lBLL01$h1352

