=LDR  02368 mm a2200541 i 4500
=001  016480504
=003  Uk
=005  20141105084056.0
=006  s||\d|||||||0\\\a2
=007  cr\|||||||||||
=008  130823s2011\\\\enk\\\\\o\\j\\\\\\\\eng\\
=FMT  \\$a  CF
=024  7\$astm20130822c$2local
=040  \\$aUk$beng$cUk$erda
=042  \\$aukblsr
=082  04$a551.5$223
=245  00$aWATCH 21st century model output - monthly.
=264  \1$a[Wallingford] :$bCentre for Ecology and Hydrology,$c2011.
=300  \\$a1 online resource
=336  \\$acomputer dataset$2rdacontent
=336  \\$atext$2rdacontent
=337  \\$acomputer$2rdamedia
=338  \\$aonline resource$2rdacarrier
=506  \\$aUsers must register to access data.
=516  \\$aFurther information on data formats: http://www.eu-watch.org/watermip/data-format.
=518  \\$d2001-2100.
=520  3\$aThe WATCH twenty first century driving data have been run through nine land surface or global hydrological models, (GWAVA, H08, Htessel, JULES, LPJ, MPI-HM, MacPDM, VIC and WaterGAP) to produce a range of output variables.Please note that as all this data is model output it is suitable for other modelling exercises only. It is not observational data. All output was generated as part of the EU FP 6 project "WATCH" (WATer and global CHange") which ran from 2007-2011.
=540  \\$aPublishers copyright.
=584  \\$aAccepting data submissions: No.
=588  \\$aDescription based on contents viewed on November 5, 2014 ; title from database Web page.
=650  \0$aMeteorology$vObservations$vDatabases.
=650  \0$aHydrologic models.
=653  2\$aFlooding
=655  \7$aDataset.$2local
=655  \7$aModelled data.$2local
=655  \7$aLongitudinal data.$2local
=690  7\$aResearch Datasets Collection$2blcoll
=710  2\$aCentre for Ecology and Hydrology (Great Britain)
=710  2\$aWater and Global Change (WATCH) project.
=856  40$uhttp://data.gov.uk/dataset/watch-21st-century-model-output-monthly1
=859  \\$aXLD$bdatasets
=CAT  \\$aRESDATASET$b00$c20130823$lBLL01$h1203
=CAT  \\$a11279$b40$c20141009$lBLL01$h1416
=CAT  \\$a7332$b40$c20141105$lBLL01$h0840
=CAT  \\$aW1606-1753$c20171028$lBLL01$h1352
=FIN  \\$aY$d20141105
=SRC  \\$aBLDatasets$bdatasets20130822.xml
=LAS  \\$aW1606-1753$b00$c20171028$lBLL01$h1352

