=LDR  01775 mi a2200505 i 4500
=001  016480535
=003  Uk
=005  20140806134927.0
=006  s||\d|||||||0\\\a2
=007  cr\|||||||||||
=008  130823c20089999xv\\\\\\o\\j\\\\\\\\eng\\
=FMT  \\$a  CF
=024  7\$astm20131208p$2local
=040  \\$aUk$beng$cUk$erda
=042  \\$aukblsr
=082  04$a579.432$223
=245  00$adictyExpress.
=264  \1$aLjubljana :$bUniversity of Ljubljana,$c2008-
=300  \\$a1 online resource
=336  \\$acomputer dataset$2rdacontent
=336  \\$atext$2rdacontent
=337  \\$acomputer$2rdamedia
=338  \\$aonline resource$2rdacarrier
=506  \\$aData are free to access.
=510  0\$uhttp://dx.doi.org/10.1186/1471-2105-10-265
=516  \\$atext/plain.
=520  3\$aGene expression data for the model organism Dictyostelium discoideum. Full microarray data can be downloaded in zipped files, or data can be viewed online in a flash-based interface.
=540  \\$aNot stated.
=584  \\$aAccepting data submissions: No.
=588  \\$aDescription based on contents viewed on August 6, 2014; title from database home page.
=650  \0$aDictyostelium$xGenetics$vDatabases.
=653  \\$aGenetic Variation
=653  2\$aModel Organisms
=655  \7$aDataset.$2local
=655  \7$aExperimental data.$2local
=690  7\$aResearch Datasets Collection$2blcoll
=710  2\$aUniverza v Ljubljani.
=856  40$uhttp://dictyexpress.biolab.si/
=859  \\$aXLD$bdatasets
=CAT  \\$aRESDATASET$b00$c20130823$lBLL01$h1203
=CAT  \\$a7332$b40$c20140806$lBLL01$h1349
=CAT  \\$aW1606-1753$c20171028$lBLL01$h1352
=FIN  \\$aY$d20140806
=SRC  \\$aBLDatasets$bdatasets20130822.xml
=LAS  \\$aW1606-1753$b00$c20171028$lBLL01$h1352

