=LDR  01603 as a22004217a 4500
=001  015518763
=003  Uk
=005  20121205083010.0
=006  m\\\\\\\\d\|\\\\\\
=007  cr||||||||||||
=008  100326c20119999enkbr\mos\\\\\0\\\a0eng\\
=022  0\$a2044-0804$202
=040  \\$aUk$beng$cUk
=042  \\$aissnuk
=130  0\$aRSC polymer chemistry series (Online)
=210  0\$aRSC polym. chem. ser.$b(Online)
=222  \0$aRSC polymer chemistry series$b(Online)
=245  10$aRSC polymer chemistry series (Online)$h[electronic resource].
=246  3\$aRoyal Society of Chemistry polymer chemistry series
=260  \\$aCambridge :$bRoyal Society of Chemistry
=310  \\$aBimonthly
=336  \\$atext$2rdacontent
=337  \\$acomputer$2rdamedia
=338  \\$aonline resource$2rdacarrier
=776  0\$tRSC polymer chemistry series$x2044-0790
=856  4\$uhttp://pubs.rsc.org/en/ebooks
=859  \\$aXLD$bdatasets
=985  \\$aISSN description based on: series homepage on publisher's website, viewed Dec. 5, 2012 and printout from first book published in the series, viewed Nov. 12, 2012.
=985  \\$aISSN note: this record for ISSN purposes only. DO NOT ADD ITEMS TO THIS RECORD. Items catalogued as monographs.
=CAT  \\$a11315$b40$c20100326$lBLL01$h1106
=CAT  \\$a11315$b40$c20121205$lBLL01$h0830
=CAT  \\$aWR13.117$c20130718$lBLL01$h1857
=CAT  \\$aW1606-1753$c20171028$lBLL01$h1330
=FIN  \\$aY$d20121205
=FMT  \\$a  SE
=LAS  \\$aW1606-1753$b00$c20171028$lBLL01$h1330
=LET  \0$aRSC polymer chemistry series (Online)
=TCO  \\$aCLA$bCLA$c008

