=LDR  01723 ai a2200493 a 4500
=001  016217938
=003  Uk
=005  20130927130716.0
=006  m\\\\\\\\m\|\\\\\\
=007  cr\|||||||||||
=008  121126c200u9999it\uu\d\o\s\\\0\\\a2eng\\
=FMT  \\$a  SE
=024  7\$astm20120822f$2local
=040  \\$aUk$beng$cUk$dUk
=042  \\$aukblsr
=082  04$a639.2$223
=245  00$aGlobal capture production 1950-2010$h[electronic resource].
=246  1\$iHTML header$aFIGIS - fisheries statistics - capture
=260  \\$a[Rome] :$bFAO.
=336  \\$atext$2rdacontent
=337  \\$acomputer$2rdamedia
=338  \\$aonline resource$2rdacarrier
=538  \\$aMode of access: World Wide Web.
=500  \\$aTitle from home page (viewed on Dec. 7, 2012).
=506  \\$aData are free to access.
=520  \\$aData on fishery capture volumes by country, fishing area, species or year.
=540  \\$aNot stated.
=584  \\$aAccepting data submissions: No.
=650  \0$aFisheries$vStatistics$vDatabases.
=653  2\$aFood security
=655  \7$aDataset.$2local
=655  \7$aStatistics.$2local
=690  7\$aResearch Datasets Collection$2blcoll
=710  2\$aFood and Agriculture Organization of the United Nations.
=856  4\$uhttp://www.fao.org/fishery/statistics/global-capture-production/query/en
=859  \\$aXLD$bdatasets
=CAT  \\$aRESDATASET$b00$c20121126$lBLL01$h1531
=CAT  \\$a7332$b40$c20121207$lBLL01$h1311
=CAT  \\$aWR13.117$c20130718$lBLL01$h1857
=CAT  \\$a7332$b40$c20130927$lBLL01$h1307
=CAT  \\$aW1606-1753$c20171028$lBLL01$h1342
=FIN  \\$aY$d20121207
=SRC  \\$aBLDatasets$bstm_datasets_20121121.xml
=LAS  \\$aW1606-1753$b00$c20171028$lBLL01$h1342

