=LDR  01573 ai a22003495a 4500
=001  016480393
=003  Uk
=005  20130823120305.0
=007  cr\|||||||||||
=008  \\\\\\c\\\\9999\\\\\\\\o\\\\\0\\\a2eng\\
=FMT  \\$a  SE
=024  7\$astm20130402i$2local
=245  00$aMARS web viewer$h[electronic resource].
=260  \\$bEuropean Commission Joint Research Centre (EC-JRC) Institute for Environment and Sustainability (IES)
=336  \\$atext$2rdacontent
=337  \\$acomputer$2rdamedia
=338  \\$aonline resource$2rdacarrier
=506  \\$aUsers must register to access data.
=520  \\$aProvides graphed and mapped data that can be used for monitoring expected agricultural production in Europe and other agriculturally important areas of the globe. This includes weather, vegetation and crop indices. Users must register to access the data viewer.
=540  \\$aNot stated.
=584  \\$aData are collated by the European Commission Joint Research Centre (EC-JRC) Institute for Environment and Sustainability (IES).
=584  \\$aAccepting data submissions: No.
=653  2\$aFood security
=655  \7$aDataset.$2local
=655  \7$aMonitoring data.$2local
=690  7\$aResearch Datasets Collection$2blcoll
=710  2\$aEuropean Commission Joint Research Centre (EC-JRC) Institute for Environment and Sustainability (IES)
=856  40$uhttp://www.marsop.info/marsop3/
=859  \\$aXLD$bdatasets
=CAT  \\$aRESDATASET$b00$c20130823$lBLL01$h1203
=SRC  \\$aBLDatasets$bdatasets20130822.xml
=LAS  \\$aRESDATASET$b00$c20130823$lBLL01$h1203

