=LDR  01815 mi a22004815i 4500
=001  016480400
=003  Uk
=005  20140616162153.0
=006  s||\d|||||||0\\\a2
=007  cr\|||||||||||
=008  130823c20059999enk\\\\|o\\j\|\\\\\\eng\\
=FMT  \\$a  CF
=024  7\$astm20130402p$2local
=040  \\$aUk$beng$cUk$erda
=042  \\$aukblsr
=245  00$aBee Base.$pDisease Incidence.
=264  31$aYork :$bFood and Environment Research Agency,$c[2005]-
=300  \\$a1 online resource
=336  \\$acomputer dataset$2rdacontent
=336  \\$atext$2rdacontent
=337  \\$acomputer$2rdamedia
=338  \\$aonline resource$2rdacarrier
=500  \\$aTitle from (viewed on ).
=522  \\$aUnited Kingdom.
=516  \\$atext/html.
=520  3\$aData on honey bee disease incidence, specifically American Foul Brood (AFB), European Foul Brood (EFB) and Varroa. Live data are regularly updated through the season, but historical data is also available. Data given is the number of colony incidences per OS grid reference (10km square).
=506  \\$aData are free to access.
=540  \\$aNot stated.
=584  \\$aData are collected by DEFRA.
=584  \\$aAccepting data submissions: No.
=653  \\$aApiculture.
=653  2\$aFood security
=655  \7$aDataset.$2local
=655  \7$aMonitoring data.$2local
=690  7\$aResearch Datasets Collection$2blcoll
=710  2\$aFood and Environment Research Agency (FERA)
=856  40$uhttps://secure.fera.defra.gov.uk/beebase/public/BeeDiseases/diseaseIncidenceMaps.cfm
=859  \\$aXLD$bdatasets
=CAT  \\$aRESDATASET$b00$c20130823$lBLL01$h1203
=CAT  \\$a11279$b40$c20140605$lBLL01$h1451
=CAT  \\$a11279$b40$c20140616$lBLL01$h1621
=SRC  \\$aBLDatasets$bdatasets20130822.xml
=LAS  \\$a11279$b40$c20140616$lBLL01$h1621

