=LDR  01462 ai a22003735a 4500
=001  016480405
=003  Uk
=005  20130823120305.0
=007  cr\|||||||||||
=008  \\\\\\c\\\\9999\\\\\\\\o\\\\\0\\\a2eng\\
=FMT  \\$a  SE
=024  7\$astm20130403e$2local
=245  00$aSpecies Compendium Database$h[electronic resource].
=260  \\$bBiodiversity International
=336  \\$atext$2rdacontent
=337  \\$acomputer$2rdamedia
=338  \\$aonline resource$2rdacarrier
=506  \\$aData are free to access.
=516  \\$atext/html.
=520  \\$aProvides data on seed storage behaviour, reproductive biology, and dormancy and germination of plant seeds. Data can be searched by taxonomic keyword or hierarchical browse. Data are extracted from the literature, and additional data contributions are welcomed.
=540  \\$aNot stated.
=584  \\$aData are extracted from the literature.
=584  \\$aAccepting data submissions: Yes.
=653  2\$aFood security
=655  \7$aDataset.$2local
=655  \7$aReference data.$2local
=690  7\$aResearch Datasets Collection$2blcoll
=710  2\$aBiodiversity International.
=856  40$uhttp://www.bioversityinternational.org/databases/species_compendium_database/
=859  \\$aXLD$bdatasets
=CAT  \\$aRESDATASET$b00$c20130823$lBLL01$h1203
=CAT  \\$aBATCH-UPD$b00$c20151225$lBLL01$h2057
=SRC  \\$aBLDatasets$bdatasets20130822.xml
=LAS  \\$aBATCH-UPD$b00$c20151225$lBLL01$h2057

