=LDR  01306 ai a22003735a 4500
=001  016480411
=003  Uk
=005  20140212100907.0
=007  cr\|||||||||||
=008  130823c\\\\9999\\\\\\\\o\\\\\0\\\a2eng\\
=FMT  \\$a  SE
=024  7\$astm20130403l$2local
=245  00$aInternational Rice Information System$h[electronic resource].
=260  \\$bInternational Rice Research Institute (IRRI)
=336  \\$atext$2rdacontent
=337  \\$acomputer$2rdamedia
=338  \\$aonline resource$2rdacarrier
=506  \\$aData are free to access.
=516  \\$atext/csv.
=520  \\$aProvides rice germplasm data, data from specific rice field studies and rice quality data.
=540  \\$aNot stated.
=584  \\$aAccepting data submissions: No.
=653  2\$aFood security
=655  \7$aDataset.$2local
=655  \7$aExperimental data.$2local
=655  \7$aReference data.$2local
=690  7\$aResearch Datasets Collection$2blcoll
=710  2\$aInternational Rice Research Institute (IRRI)
=856  40$uhttp://irri.org/tools-and-databases/international-rice-information-system
=859  \\$aXLD$bdatasets
=CAT  \\$aRESDATASET$b00$c20130823$lBLL01$h1203
=CAT  \\$a7332$b40$c20140212$lBLL01$h1009
=SRC  \\$aBLDatasets$bdatasets20130822.xml
=LAS  \\$a7332$b40$c20140212$lBLL01$h1009

