=LDR  01717 ai a22003975a 4500
=001  016480436
=003  Uk
=005  20130823120305.0
=007  cr\|||||||||||
=008  \\\\\\c\\\\9999\\\\\\\\o\\\\\0\\\a2eng\\
=FMT  \\$a  SE
=024  7\$astm20130619f$2local
=245  00$aRat Genome Database$h[electronic resource].
=246  0\$aRGD
=260  \\$bMedical College of Wisconsin
=336  \\$atext$2rdacontent
=337  \\$acomputer$2rdamedia
=338  \\$aonline resource$2rdacarrier
=506  \\$aData are free to access.
=520  \\$aProvides data on rat genes and genetics markers, maps and ontology, phenotype and strains. Data can be downloaded via FTP or queried by keyword for each data type. As well as various genetic visualisation tools such as genome browser, gene annotator and visualising comparative genetics, there are disease portals for accessing data related to specific types of disease. Researchers are able to submit new phenotypes, strains or gene characterisations to the RGD.
=540  \\$aNot stated.
=584  \\$aData is from RGD partners, publicly available datasets and data submitted by other researchers in the field.
=584  \\$aAccepting data submissions: Yes.
=653  \\$aModels, Animal.
=653  \\$aGenetic Variation.
=653  2\$aModel Organisms
=655  \7$aDataset.$2local
=655  \7$aExperimental data.$2local
=655  \7$aReference data.$2local
=690  7\$aResearch Datasets Collection$2blcoll
=710  2\$aRat Genome Database Team
=856  40$uhttp://rgd.mcw.edu
=859  \\$aXLD$bdatasets
=CAT  \\$aRESDATASET$b00$c20130823$lBLL01$h1203
=SRC  \\$aBLDatasets$bdatasets20130822.xml
=LAS  \\$aRESDATASET$b00$c20130823$lBLL01$h1203

