=LDR  01794 ai a22004095a 4500
=001  016480447
=003  Uk
=005  20130823120305.0
=007  cr\|||||||||||
=008  \\\\\\c\\\\9999\\\\\\\\o\\\\\0\\\a2eng\\
=FMT  \\$a  SE
=024  7\$astm20130729d$2local
=245  00$aGlobal High-Resolution Soil-Water Balance$h[electronic resource].
=260  \\$bHarvestChoice
=336  \\$atext$2rdacontent
=337  \\$acomputer$2rdamedia
=338  \\$aonline resource$2rdacarrier
=506  \\$aData are free to access.
=516  \\$aESRI Grid.
=520  \\$aData provided are evapo-transpiration and soil water deficit with resolution of 30 arc seconds. Data files include: mean annual actual evapotranspiration (AET); monthly AET and monthly soil water stress.
=540  \\$aUsers are prohibited from any commercial, non-free resale, or redistribution without explicit written permission from the CGIAR-CSI.
=584  \\$aThese datasets are based on modelling and analyses by Antonio Trabucco and modelled using WorldClim and Global-PET data.
=584  \\$aAccepting data submissions: No.
=653  \\$aSoils > Soil Moisture/Water Content.
=653  2\$aLiving With Environmental Change
=653  2\$aFlooding
=655  \7$aDataset.$2local
=655  \7$aModelled data.$2local
=655  \7$aReference data.$2local
=690  7\$aResearch Datasets Collection$2blcoll
=710  2\$aAntonio Trabucco
=710  2\$aConsultative Group on International Agricultural Research, Consortium for Spatial Information (CGIAR-CSI)
=856  40$uhttp://www.cgiar-csi.org/data/global-high-resolution-soil-water-balance
=859  \\$aXLD$bdatasets
=CAT  \\$aRESDATASET$b00$c20130823$lBLL01$h1203
=SRC  \\$aBLDatasets$bdatasets20130822.xml
=LAS  \\$aRESDATASET$b00$c20130823$lBLL01$h1203

