=LDR  01440 ai a22004095a 4500
=001  016480462
=003  Uk
=005  20130823120306.0
=007  cr\|||||||||||
=008  \\\\\\c\\\\9999\\\\\\\\o\\\\\0\\\a2eng\\
=FMT  \\$a  SE
=024  7\$astm20130807d$2local
=245  00$aPhenomics of yeast Mutants$h[electronic resource].
=246  0\$aPhenoM
=260  \\$bUniversity of Toronto
=336  \\$atext$2rdacontent
=337  \\$acomputer$2rdamedia
=338  \\$aonline resource$2rdacarrier
=506  \\$aData are free to access.
=510  3\$uhttp://dx.doi.org/10.1093/nar/gkr827
=516  \\$aimage/tiff; text/html.
=520  \\$aQuantitative measurements and morphological images for temperature-sensitive mutants of yeast (Saccharomyces cerevisiae). Data can be queried by allele or phenotypic features.
=540  \\$aNot stated.
=584  \\$aAccepting data submissions: No.
=653  \\$aPhenotype.
=653  2\$aModel Organisms
=655  \7$aDataset.$2local
=655  \7$aExperimental data.$2local
=690  7\$aResearch Datasets Collection$2blcoll
=710  2\$aBoone Lab, University of Toronto
=710  2\$aAndrews Lab, University of Toronto
=710  2\$aZhang Lab, University of Toronto
=856  40$uhttp://phenom.ccbr.utoronto.ca/
=859  \\$aXLD$bdatasets
=CAT  \\$aRESDATASET$b00$c20130823$lBLL01$h1203
=SRC  \\$aBLDatasets$bdatasets20130822.xml
=LAS  \\$aRESDATASET$b00$c20130823$lBLL01$h1203

