=LDR  01379 ai a22003735a 4500
=001  016480470
=003  Uk
=005  20130823120306.0
=007  cr\|||||||||||
=008  \\\\\\c\\\\9999\\\\\\\\o\\\\\0\\\a2eng\\
=FMT  \\$a  SE
=024  7\$astm20130808b$2local
=245  00$aModel Organism Protein Expression Database$h[electronic resource].
=246  0\$aMOPED
=260  \\$bProteinSPIRE
=336  \\$atext$2rdacontent
=337  \\$acomputer$2rdamedia
=338  \\$aonline resource$2rdacarrier
=506  \\$aData are free to access.
=510  3\$uhttp://dx.doi.org/10.1093/nar/gkr1177
=520  \\$aHuman, mouse (Mus musculus), nematode worm (Caenorhabditis elegans) and yeast (Saccharomyces cerevisiae) absolute and relative protein expression data. Data can be filtered by species, tissue, condition and experiment.
=540  \\$aNot stated.
=584  \\$aAccepting data submissions: Yes.
=653  \\$aModels, Animal.
=653  2\$aModel Organisms
=655  \7$aDataset.$2local
=655  \7$aExperimental data.$2local
=690  7\$aResearch Datasets Collection$2blcoll
=710  2\$aChildren's Hospital and Regional Medical Center, Seattle
=856  40$uhttp://moped.proteinspire.org
=859  \\$aXLD$bdatasets
=CAT  \\$aRESDATASET$b00$c20130823$lBLL01$h1203
=SRC  \\$aBLDatasets$bdatasets20130822.xml
=LAS  \\$aRESDATASET$b00$c20130823$lBLL01$h1203

