=LDR  01327 ai a22003615a 4500
=001  016480471
=003  Uk
=005  20130823120306.0
=007  cr\|||||||||||
=008  \\\\\\c\\\\9999\\\\\\\\o\\\\\0\\\a2eng\\
=FMT  \\$a  SE
=024  7\$astm20130808e$2local
=245  00$aWorld Weather Records$h[electronic resource].
=260  \\$bNational Oceanic and Atmospheric Administration (NOAA)
=336  \\$atext$2rdacontent
=337  \\$acomputer$2rdamedia
=338  \\$aonline resource$2rdacarrier
=506  \\$aData are free to access.
=516  \\$atext/plain.
=520  \\$aMonthly means of atmospheric pressure, temperature and precipitation by region.
=540  \\$aNot stated.
=584  \\$aData are submitted by members of the World Meteorological Organization (WMO).
=584  \\$aAccepting data submissions: No.
=653  2\$aLiving With Environmental Change
=655  \7$aDataset.$2local
=655  \7$aObservational data.$2local
=690  7\$aResearch Datasets Collection$2blcoll
=710  2\$aNational Oceanic and Atmospheric Administration (NOAA)
=856  40$uhttp://www.ncdc.noaa.gov/oa/wdc/index.php?name=worldweatherrecords
=859  \\$aXLD$bdatasets
=CAT  \\$aRESDATASET$b00$c20130823$lBLL01$h1203
=SRC  \\$aBLDatasets$bdatasets20130822.xml
=LAS  \\$aRESDATASET$b00$c20130823$lBLL01$h1203

