=LDR  01476 ai a22003975a 4500
=001  016480479
=003  Uk
=005  20130823120306.0
=007  cr\|||||||||||
=008  \\\\\\c\\\\9999\\\\\\\\o\\\\\0\\\a2eng\\
=FMT  \\$a  SE
=024  7\$astm20130809b$2local
=245  00$aSUBcellular localisation database for Arabidopsis proteins$h[electronic resource].
=246  0\$aSUBA3
=260  \\$bUniversity of Western Australia
=336  \\$atext$2rdacontent
=337  \\$acomputer$2rdamedia
=338  \\$aonline resource$2rdacarrier
=506  \\$aData are free to access.
=510  3\$uhttp://dx.doi.org/10.1093/nar/gks1151
=520  \\$aProvides data from investigations into the subcellular localisation of proteins in Arabidopsis thaliana. Data can be searched by experimental conditions or protein characteristics.
=540  \\$aNot stated.
=584  \\$aData have been extracted from the literature or submitted by the research community.
=584  \\$aAccepting data submissions: Yes.
=653  \\$aProteins.
=653  \\$aPlants.
=653  2\$aModel Organisms
=655  \7$aDataset.$2local
=655  \7$aExperimental data.$2local
=690  7\$aResearch Datasets Collection$2blcoll
=710  2\$aUniversity of Western Australia
=856  40$uhttp://suba.plantenergy.uwa.edu.au/
=859  \\$aXLD$bdatasets
=CAT  \\$aRESDATASET$b00$c20130823$lBLL01$h1203
=SRC  \\$aBLDatasets$bdatasets20130822.xml
=LAS  \\$aRESDATASET$b00$c20130823$lBLL01$h1203

