=LDR  01431 ai a22003735a 4500
=001  016480485
=003  Uk
=005  20130823120306.0
=007  cr\|||||||||||
=008  \\\\\\c\\\\9999\\\\\\\\o\\\\\0\\\a2eng\\
=FMT  \\$a  SE
=024  7\$astm20130809h$2local
=245  00$aOrysPSSP$h[electronic resource].
=260  \\$bShanghai Institutes for Biological Sciences (SIBS) of Chinese Academy of Sciences (CAS)
=336  \\$atext$2rdacontent
=337  \\$acomputer$2rdamedia
=338  \\$aonline resource$2rdacarrier
=506  \\$aData are free to access.
=510  3\$uhttp://dx.doi.org/10.1093/nar/gks1090
=520  \\$aData on small secreted proteins for rice (Oryza sativa). Data can be identified by browsing by chromosome, or searches by gene name or BLAST. Data can also be compared across species by gene IDs.
=540  \\$aNot stated.
=584  \\$aAccepting data submissions: No.
=653  \\$aProteins.
=653  \\$aPlants.
=653  2\$aFood security
=655  \7$aDataset.$2local
=655  \7$aExperimental data.$2local
=690  7\$aResearch Datasets Collection$2blcoll
=710  2\$aShanghai Institutes for Biological Sciences (SIBS) of Chinese Academy of Sciences (CAS)
=856  40$uhttp://www.genoportal.org/PSSP/index.do
=859  \\$aXLD$bdatasets
=CAT  \\$aRESDATASET$b00$c20130823$lBLL01$h1203
=SRC  \\$aBLDatasets$bdatasets20130822.xml
=LAS  \\$aRESDATASET$b00$c20130823$lBLL01$h1203

