=LDR  01345 ai a22003735a 4500
=001  016480491
=003  Uk
=005  20130823120306.0
=007  cr\|||||||||||
=008  \\\\\\c\\\\9999\\\\\\\\o\\\\\0\\\a2eng\\
=FMT  \\$a  SE
=024  7\$astm20130813b$2local
=245  00$aMIPS Neurospora crassa Genome Database$h[electronic resource].
=260  \\$bMunich Information Centre for Protein Sequences
=336  \\$atext$2rdacontent
=337  \\$acomputer$2rdamedia
=338  \\$aonline resource$2rdacarrier
=506  \\$aData are free to access.
=540  \\$aMIPS Databases and associated information are protected by copyright. This server and its associated data and services are for academic, non-commercial use only.
=584  \\$aAccepting data submissions: No.
=653  \\$aGenetic Variation.
=653  2\$aModel Organisms
=655  \7$aDataset.$2local
=655  \7$aExperimental data.$2local
=655  \7$aReference data.$2local
=690  7\$aResearch Datasets Collection$2blcoll
=710  2\$aGertrud Mannhaupt
=710  2\$aDr. Ulrich Gldener
=710  2\$aMartin Mnsterktter
=856  40$uhttp://mips.helmholtz-muenchen.de/genre/proj/ncrassa/
=859  \\$aXLD$bdatasets
=CAT  \\$aRESDATASET$b00$c20130823$lBLL01$h1203
=SRC  \\$aBLDatasets$bdatasets20130822.xml
=LAS  \\$aRESDATASET$b00$c20130823$lBLL01$h1203

