=LDR  01683 ai a22003615a 4500
=001  016480498
=003  Uk
=005  20130823120306.0
=007  cr\|||||||||||
=008  \\\\\\c\\\\9999\\\\\\\\o\\\\\0\\\a2eng\\
=FMT  \\$a  SE
=024  7\$astm20130819b$2local
=245  00$aFlood Warning Areas$h[electronic resource].
=260  \\$bEnvironment Agency
=336  \\$atext$2rdacontent
=337  \\$acomputer$2rdamedia
=338  \\$aonline resource$2rdacarrier
=506  \\$aUsers must register to access data.
=520  \\$aFlood Warnings are provided by the constant monitoring of stations and forecasting flooding from rivers or the sea. Flood warning areas are locations within the Flood Warning Service Limit (FWSL) that represent a single or aggregation of Flood Warning Sub Areas (FWSAs) or Flood Warning Flood Risk Areas (FWFRAs) containing a discrete community at risk of flooding. Access to data downloads: http://www.geostore.com/environment-agency/WebStore?xml=environment-agency/xml/ogcDataDownload.xml.
=540  \\$aEnvironment Agency copyright and/or database right.
=584  \\$aData are generated by the Environment Agency.
=584  \\$aAccepting data submissions: No.
=653  \\$aFloods.
=653  2\$aFlooding
=655  \7$aDataset.$2local
=655  \7$aReference data.$2local
=690  7\$aResearch Datasets Collection$2blcoll
=710  2\$aEnvironment Agency
=856  40$uhttp://www.geostore.com/environment-agency/WebStore?xml=environment-agency/xml/dataLayers_FWA.xml
=859  \\$aXLD$bdatasets
=CAT  \\$aRESDATASET$b00$c20130823$lBLL01$h1203
=SRC  \\$aBLDatasets$bdatasets20130822.xml
=LAS  \\$aRESDATASET$b00$c20130823$lBLL01$h1203

