=LDR  01792 ai a22004095a 4500
=001  016480539
=003  Uk
=005  20141003095301.0
=007  cr\|||||||||||
=008  130823c\\\\9999\\\\\\\\o\\\\\0\\\a2eng\\
=FMT  \\$a  SE
=024  7\$astm20110809e$2local
=245  00$aAtmospheric Infrared Sensor CO2 Data$h[electronic resource].
=246  0\$aAIRS CO2 Data
=260  \\$bGoddard Earth Sciences (GES) Data and Information Services Center (DISC)
=336  \\$atext$2rdacontent
=337  \\$acomputer$2rdamedia
=338  \\$aonline resource$2rdacarrier
=506  \\$aData are free to access.
=516  \\$aHDF.
=518  \\$a2002 onwards.
=520  \\$aGlobal carbon dioxide data as observed in the middle troposphere by NASA's Atmospheric Infrared Sounder (AIRS) satellite. Links are provided to search and download all AIRS data by type, location, and time; either via ftp or directly.
=540  \\$aNot stated.
=584  \\$aData are from the Atmospheric Infrared Sounder (AIRS), launched aboard the Aqua Spacecraft as part of NASA's Earth Observing System Afternoon Constellation of satellites known as the 'A-Train'..
=584  \\$aAccepting data submissions: No.
=653  \\$aCarbon and Hydrocarbon Compounds > Carbon Dioxide.
=653  2\$aLiving With Environmental Change
=655  \7$aDataset.$2local
=655  \7$aObservational data.$2local
=690  7\$aResearch Datasets Collection$2blcoll
=710  2\$aNational Aeronautic and Space Administration (NASA)
=856  40$uhttp://disc.sci.gsfc.nasa.gov/AIRS/data-holdings/by-data-product-v5
=859  \\$aXLD$bdatasets
=CAT  \\$aRESDATASET$b00$c20130823$lBLL01$h1203
=CAT  \\$a7332$b40$c20141003$lBLL01$h0953
=SRC  \\$aBLDatasets$bdatasets20130822.xml
=LAS  \\$a7332$b40$c20141003$lBLL01$h0953

